<?xml version="1.0"?>
<marc:records xmlns:marc="http://www.loc.gov/MARC21/slim" xmlns:xsi="http://www.w3.org/2001/XMLSchema-instance" xsi:schemaLocation="http://www.loc.gov/MARC21/slim http://www.loc.gov/standards/marcxml/schema/MARC21slim.xsd">
  <marc:record>
    <marc:leader>05383ctm a2200697Ia 4500</marc:leader>
    <marc:controlfield tag="001">9944235743503681</marc:controlfield>
    <marc:controlfield tag="005">20200415091502.0</marc:controlfield>
    <marc:controlfield tag="008">081202s1784    ua            000 0 ara d</marc:controlfield>
    <marc:datafield ind1=" " ind2=" " tag="035">
  <marc:subfield code="a">(OCoLC)276879867</marc:subfield>
</marc:datafield>
    <marc:datafield ind1=" " ind2=" " tag="035">
  <marc:subfield code="a">(OCoLC)ocn276879867</marc:subfield>
</marc:datafield>
    <marc:datafield ind1=" " ind2=" " tag="040">
  <marc:subfield code="a">PAU</marc:subfield>
  <marc:subfield code="b">eng</marc:subfield>
  <marc:subfield code="c">PAU</marc:subfield>
  <marc:subfield code="d">OCLCQ</marc:subfield>
  <marc:subfield code="d">OCLCO</marc:subfield>
  <marc:subfield code="d">OCLCQ</marc:subfield>
  <marc:subfield code="d">OCLCA</marc:subfield>
  <marc:subfield code="d">OCLCQ</marc:subfield>
  <marc:subfield code="d">OCLCA</marc:subfield>
  <marc:subfield code="d">PAU</marc:subfield>
  <marc:subfield code="d">OCLCF</marc:subfield>
  <marc:subfield code="d">PAU</marc:subfield>
</marc:datafield>
    <marc:datafield ind1="1" ind2=" " tag="041">
  <marc:subfield code="a">ara</marc:subfield>
  <marc:subfield code="h">grc</marc:subfield>
</marc:datafield>
    <marc:datafield ind1=" " ind2="9" tag="099">
  <marc:subfield code="a">CAJS Rar Ms 176</marc:subfield>
</marc:datafield>
    <marc:datafield ind1="0" ind2=" " tag="100">
  <marc:subfield code="6">880-01</marc:subfield>
  <marc:subfield code="a">John Chrysostom,</marc:subfield>
  <marc:subfield code="c">Saint,</marc:subfield>
  <marc:subfield code="d">-407.</marc:subfield>
</marc:datafield>
    <marc:datafield ind1="1" ind2="0" tag="240">
  <marc:subfield code="a">Works.</marc:subfield>
  <marc:subfield code="k">Selections.</marc:subfield>
  <marc:subfield code="l">Arabic.</marc:subfield>
</marc:datafield>
    <marc:datafield ind1="1" ind2="3" tag="245">
  <marc:subfield code="6">880-02</marc:subfield>
  <marc:subfield code="a">al-Kita&#x304;b al-musamma&#x301; bi-al-Durr al-muntakhab li-Yu&#x304;h&#x323;anna&#x304; al-Dhahabi&#x304;.</marc:subfield>
</marc:datafield>
    <marc:datafield ind1="3" ind2="0" tag="246">
  <marc:subfield code="6">880-03</marc:subfield>
  <marc:subfield code="a">Durr al-muntakhab.</marc:subfield>
</marc:datafield>
    <marc:datafield ind1="1" ind2=" " tag="246">
  <marc:subfield code="6">880-04</marc:subfield>
  <marc:subfield code="i">Title from colophon:</marc:subfield>
  <marc:subfield code="a">Maqa&#x304;la&#x304;t Yu&#x304;h&#x323;anna&#x304; Fam al-Dhahab.</marc:subfield>
</marc:datafield>
    <marc:datafield ind1=" " ind2=" " tag="260">
  <marc:subfield code="a">[Egypt?],</marc:subfield>
  <marc:subfield code="c">1784.</marc:subfield>
</marc:datafield>
    <marc:datafield ind1=" " ind2=" " tag="300">
  <marc:subfield code="a">181 leaves :</marc:subfield>
  <marc:subfield code="b">paper ;</marc:subfield>
  <marc:subfield code="c">306 x 215 (245 x 155) bound to 320 x 220 mm</marc:subfield>
</marc:datafield>
    <marc:datafield ind1=" " ind2=" " tag="336">
  <marc:subfield code="a">text</marc:subfield>
  <marc:subfield code="b">txt</marc:subfield>
  <marc:subfield code="2">rdacontent</marc:subfield>
</marc:datafield>
    <marc:datafield ind1=" " ind2=" " tag="337">
  <marc:subfield code="a">unmediated</marc:subfield>
  <marc:subfield code="b">n</marc:subfield>
  <marc:subfield code="2">rdamedia</marc:subfield>
</marc:datafield>
    <marc:datafield ind1=" " ind2=" " tag="338">
  <marc:subfield code="a">volume</marc:subfield>
  <marc:subfield code="b">nc</marc:subfield>
  <marc:subfield code="2">rdacarrier</marc:subfield>
</marc:datafield>
    <marc:datafield ind1=" " ind2=" " tag="500">
  <marc:subfield code="a">Ms. codex.</marc:subfield>
</marc:datafield>
    <marc:datafield ind1=" " ind2=" " tag="500">
  <marc:subfield code="a">Title from introduction (f. 3r).</marc:subfield>
</marc:datafield>
    <marc:datafield ind1=" " ind2=" " tag="500">
  <marc:subfield code="a">Foliation: Paper, ii + 182 + i; 1-2 (endleaves), 3-183, 184 (endleaf); modern script foliation in pencil, upper center recto; Coptic foliation, upper left recto (f. 6-37, 40-183). Folios 3, 5-182 have catchwords on versos, lower center or lower left corner.</marc:subfield>
</marc:datafield>
    <marc:datafield ind1=" " ind2=" " tag="500">
  <marc:subfield code="a">Layout: Written in 20-30 lines per page and occasional marginalia; folios 3-4, 38-39 frame-ruled in lead with double inner and outer vertical bounding lines.</marc:subfield>
</marc:datafield>
    <marc:datafield ind1=" " ind2=" " tag="500">
  <marc:subfield code="a">Script: Written in naskh in black ink; pointed. Folios 1-3 and 36-37 are in a later hand which is not as clear as the first.</marc:subfield>
</marc:datafield>
    <marc:datafield ind1=" " ind2=" " tag="500">
  <marc:subfield code="a">Decoration: Rubrications in red. Some small decorations such as a cross adjacent the colophon and sets of four dots occasionally in the upper outer corner.</marc:subfield>
</marc:datafield>
    <marc:datafield ind1=" " ind2=" " tag="500">
  <marc:subfield code="a">Binding: One-half green leather over marbled boards; white paper spine label with typed shelf mark.</marc:subfield>
</marc:datafield>
    <marc:datafield ind1=" " ind2=" " tag="500">
  <marc:subfield code="a">Origin: Completed on Thursday the 15th of the month of Tubeh in the year 1501 of the holy martyrs (= 1784 CE) corresponding to the 28th of the month of S&#x323;afar 1198 hijri&#x304; (f. 183v).</marc:subfield>
</marc:datafield>
    <marc:datafield ind1=" " ind2=" " tag="500">
  <marc:subfield code="a">Copy has ms. shelf mark in pencil on back pastedown; ms. inscriptions in Arabic script on front pastedown, recto of front free endpaper, and recto and verso of back free endpaper; ms. inscription in Arabic at foot of f. 183v; a few ms. marginal annotations. Folio 37 torn off at bottom outer corner without loss of text; f. 41r damaged across central portion with some loss of text. Eight modern paper slips with ms. notes in Arabic script in pencil laid in.</marc:subfield>
</marc:datafield>
    <marc:datafield ind1=" " ind2=" " tag="520">
  <marc:subfield code="a">Thirty-four homilies of John Chrysostom. Several replacement pages at the beginning of the work.</marc:subfield>
</marc:datafield>
    <marc:datafield ind1=" " ind2=" " tag="524">
  <marc:subfield code="a">CAJS Rar Ms 176</marc:subfield>
</marc:datafield>
    <marc:datafield ind1="1" ind2=" " tag="544">
  <marc:subfield code="n">CAJS Rar Ms 175 contains 8 additional leaves from this manuscript.</marc:subfield>
</marc:datafield>
    <marc:datafield ind1=" " ind2=" " tag="546">
  <marc:subfield code="a">Arabic.</marc:subfield>
</marc:datafield>
    <marc:datafield ind1="1" ind2=" " tag="561">
  <marc:subfield code="a">Formerly owned by Ibra&#x304;hi&#x304;m ibn Yu&#x304;suf al-Rashi&#x304;di&#x304; (autograph, f. 183v and opposite title of each homily).</marc:subfield>
</marc:datafield>
    <marc:datafield ind1="1" ind2=" " tag="561">
  <marc:subfield code="a">Presented to the Library of the Dropsie College for Hebrew and Cognate Learning by Dr. Cyrus Adler (bookplate with ms. shelf mark, front pastedown; bookplate with ms. shelf mark, back pastedown).</marc:subfield>
</marc:datafield>
    <marc:datafield ind1=" " ind2="7" tag="648">
  <marc:subfield code="a">30-600</marc:subfield>
  <marc:subfield code="2">fast</marc:subfield>
</marc:datafield>
    <marc:datafield ind1=" " ind2="0" tag="650">
  <marc:subfield code="a">Preaching</marc:subfield>
  <marc:subfield code="x">History</marc:subfield>
  <marc:subfield code="y">Early church, ca. 30-600.</marc:subfield>
</marc:datafield>
    <marc:datafield ind1=" " ind2="0" tag="650">
  <marc:subfield code="a">Sermons, Greek</marc:subfield>
  <marc:subfield code="x">Translations into Arabic.</marc:subfield>
</marc:datafield>
    <marc:datafield ind1=" " ind2="0" tag="650">
  <marc:subfield code="a">Sermons, Early Christian.</marc:subfield>
</marc:datafield>
    <marc:datafield ind1=" " ind2="7" tag="650">
  <marc:subfield code="a">Preaching</marc:subfield>
  <marc:subfield code="x">Early church.</marc:subfield>
  <marc:subfield code="2">fast</marc:subfield>
  <marc:subfield code="0">(OCoLC)fst01907162</marc:subfield>
</marc:datafield>
    <marc:datafield ind1=" " ind2="0" tag="655">
  <marc:subfield code="a">Manuscripts, Arabic.</marc:subfield>
</marc:datafield>
    <marc:datafield ind1=" " ind2="0" tag="655">
  <marc:subfield code="a">Manuscripts, 18th century.</marc:subfield>
</marc:datafield>
    <marc:datafield ind1=" " ind2="7" tag="655">
  <marc:subfield code="a">Codices (bound manuscripts)</marc:subfield>
  <marc:subfield code="2">aat</marc:subfield>
</marc:datafield>
    <marc:datafield ind1=" " ind2="7" tag="655">
  <marc:subfield code="a">History.</marc:subfield>
  <marc:subfield code="2">fast</marc:subfield>
  <marc:subfield code="0">(OCoLC)fst01411628</marc:subfield>
</marc:datafield>
    <marc:datafield ind1="0" ind2=" " tag="700">
  <marc:subfield code="a">John Chrysostom,</marc:subfield>
  <marc:subfield code="c">Saint,</marc:subfield>
  <marc:subfield code="d">-407.</marc:subfield>
  <marc:subfield code="t">Homilies.</marc:subfield>
</marc:datafield>
    <marc:datafield ind1="1" ind2=" " tag="700">
  <marc:subfield code="a">Adler, Cyrus,</marc:subfield>
  <marc:subfield code="d">1863-1940,</marc:subfield>
  <marc:subfield code="e">donor.</marc:subfield>
</marc:datafield>
    <marc:datafield ind1="1" ind2=" " tag="700">
  <marc:subfield code="6">880-05</marc:subfield>
  <marc:subfield code="a">Rashi&#x304;di&#x304;, Ibra&#x304;hi&#x304;m ibn Yu&#x304;suf,</marc:subfield>
  <marc:subfield code="e">former owner.</marc:subfield>
</marc:datafield>
    <marc:datafield ind1="2" ind2=" " tag="710">
  <marc:subfield code="a">Dropsie College for Hebrew and Cognate Learning,</marc:subfield>
  <marc:subfield code="e">former owner.</marc:subfield>
</marc:datafield>
    <marc:datafield ind1=" " ind2=" " tag="852">
  <marc:subfield code="b">Library at the Herbert D. Katz Center for Advanced Judaic Studies</marc:subfield>
  <marc:subfield code="a">University of Pennsylvania</marc:subfield>
  <marc:subfield code="e">420 Walnut Street, Philadelphia, Pennsylvania 19106-3703.</marc:subfield>
  <marc:subfield code="j">CAJS Rar Ms 176</marc:subfield>
</marc:datafield>
    <marc:datafield ind1="4" ind2="1" tag="856">
  <marc:subfield code="z">Digital facsimile in OPenn</marc:subfield>
  <marc:subfield code="u">http://openn.library.upenn.edu/Data/0002/html/cajs_rarms176.html</marc:subfield>
</marc:datafield>
    <marc:datafield ind1="0" ind2=" " tag="880">
  <marc:subfield code="6">100-01//r</marc:subfield>
  <marc:subfield code="a">&#x64A;&#x648;&#x62D;&#x646;&#x627; &#x641;&#x645; &#x627;&#x644;&#x630;&#x647;&#x628;&#x60C;</marc:subfield>
  <marc:subfield code="c">&#x642;&#x62F;&#x64A;&#x633;&#x60C;&#x200F;</marc:subfield>
  <marc:subfield code="d">&#x200F; d. 407</marc:subfield>
</marc:datafield>
    <marc:datafield ind1="1" ind2="2" tag="880">
  <marc:subfield code="6">245-02//r</marc:subfield>
  <marc:subfield code="a">&#x627;&#x644;&#x643;&#x62A;&#x627;&#x628; &#x627;&#x644;&#x645;&#x633;&#x645;&#x649; &#x628;&#x627;&#x644;&#x62F;&#x631; &#x627;&#x644;&#x645;&#x646;&#x62A;&#x62E;&#x628; &#x644;&#x64A;&#x648;&#x62D;&#x646;&#x627; &#x627;&#x644;&#x630;&#x647;&#x628;&#x64A;.</marc:subfield>
</marc:datafield>
    <marc:datafield ind1="3" ind2="0" tag="880">
  <marc:subfield code="6">246-03//r</marc:subfield>
  <marc:subfield code="a">&#x62F;&#x631; &#x627;&#x644;&#x645;&#x646;&#x62A;&#x62E;&#x628;.</marc:subfield>
</marc:datafield>
    <marc:datafield ind1="1" ind2=" " tag="880">
  <marc:subfield code="6">246-04//r</marc:subfield>
  <marc:subfield code="i">Title from colophon:</marc:subfield>
  <marc:subfield code="a">&#x645;&#x642;&#x627;&#x644;&#x627;&#x62A; &#x64A;&#x648;&#x62D;&#x646;&#x627; &#x641;&#x645; &#x627;&#x644;&#x630;&#x647;&#x628;.</marc:subfield>
</marc:datafield>
    <marc:datafield ind1="1" ind2=" " tag="880">
  <marc:subfield code="6">700-05//r</marc:subfield>
  <marc:subfield code="a">&#x631;&#x634;&#x64A;&#x62F;&#x64A;&#x60C; &#x627;&#x628;&#x631;&#x627;&#x647;&#x64A;&#x645; &#x628;&#x646; &#x64A;&#x648;&#x633;&#x641;.</marc:subfield>
</marc:datafield>
    <marc:datafield ind1=" " ind2=" " tag="948">
  <marc:subfield code="h">HELD BY PAU - 0 OTHER HOLDINGS</marc:subfield>
</marc:datafield>
    <marc:datafield ind1=" " ind2=" " tag="994">
  <marc:subfield code="a">Z0</marc:subfield>
  <marc:subfield code="b">PAU</marc:subfield>
</marc:datafield>
    <marc:datafield ind1=" " ind2=" " tag="996">
  <marc:subfield code="a">hinge-right</marc:subfield>
</marc:datafield>
    <marc:holdings>
      <marc:holding>
        <marc:holding_id>22321033760003681</marc:holding_id>
        <marc:call_number>CAJS Rar Ms 176</marc:call_number>
        <marc:library>KatzLib</marc:library>
        <marc:location>cjsrarms</marc:location>
      </marc:holding>
    </marc:holdings>
  </marc:record>
</marc:records>
